@misc{HowMuchDataDoWeCreateEveryDay,
	TITLE="How Much Data Do We Create Every Day? The Mind-Blowing Stats Everyone Should Read",
	HOWPUBLISHED="\url{https://www.forbes.com/sites/bernardmarr/2018/05/21/how-much-data-do-we-create-every-day-the-mind-blowing-stats-everyone-should-read/#7f96d4a060ba}",
	NOTE="Accessed: 2018-11-11"
}
@article{EfficientEnhancedKmeans,
	TITLE="Efficient enhanced k-means clustering algorithm",
	AUTHOR="Fahim, Ahmed and M.Salem, Abdel-Badeeh and A. Torkey, F and Ramadan, Mohamed",
	YEAR="2006",
	JOURNAL="Journal of Zhejiang University",
	VOLUME="7",
	NUMBER="10",
	PAGES="1626-1633"
}
@article{SortSeed,
	author = {Madhu, Yedla and Rao Pathakota, Srinivasa and , Srinivasa.T.M},
	year = {2010},
	month = {01},
	pages = {121 - 125},
	title = {Enhancing K-means Clustering Algorithm with Improved Initial Center},
	volume = {1},
	journal = {International Journal of Computer Science and Information Technologies}
}
@article{KdTree,
	author = {Bentley, Jon Louis},
	title = {Multidimensional Binary Search Trees Used for Associative Searching},
	journal = {Commun. ACM},
	issue_date = {Sept. 1975},
	volume = {18},
	number = {9},
	month = sep,
	year = {1975},
	issn = {0001-0782},
	pages = {509--517},
	doi = {10.1145/361002.361007},
	publisher = {ACM},
	address = {New York, NY, USA}
}
@article{KdTreeKmeans,
	title = "A method for initialising the K-means clustering algorithm using kd-trees",
	journal = "Pattern Recognition Letters",
	volume = "28",
	number = "8",
	pages = "965 - 973",
	year = "2007",
	issn = "0167-8655",
	doi = "https://doi.org/10.1016/j.patrec.2007.01.001",
	author = "Stephen J. Redmond and Conor Heneghan",
}
@article{sk-learn,
	author="Fabian Pedregosa and Gaël Varoquaux and Alexandre Gramfort and Vincent Michel and Bertrand Thirion and Olivier Grisel and Mathieu Blondel and Peter Prettenhofer and Ron Weiss and Vincent Dubourg and Jake Vanderplas and Alexandre Passos and David Cournapeau and Matthieu Brucher and Matthieu Perrot and Édouard Duchesnay",
	title="Scikit-learn: Machine Learning in Python",
	journal="Journal of Machine Learning Research",
	volume="12",
	year="2011"
}
@article{Matplotlib,
	author="John D. Hunter",
	title="Matplotlib: A 2D Graphics Environment",
	journal="Computing in Science and Engineering",
	volume="9",
	pages="90 -- 95",
	year="2007"
}