@misc{TheMostValuableResource,
	TITLE="The Most Valuable Resource",
	HOWPUBLISHED="\url{https://www.economist.com/leaders/2017/05/06/the-worlds-most-valuable-resource-is-no-longer-oil-but-data}",
	NOTE="Accessed: 2018-11-11"
}
@misc{HowMuchDataDoWeCreateEveryDay,
	TITLE="How Much Data Do We Create Every Day? The Mind-Blowing Stats Everyone Should Read",
	HOWPUBLISHED="\url{https://www.forbes.com/sites/bernardmarr/2018/05/21/how-much-data-do-we-create-every-day-the-mind-blowing-stats-everyone-should-read/#7f96d4a060ba}",
	NOTE="Accessed: 2018-11-11"
}
@misc{WhatWillWeDoWhenTheWorldsDataHits163Zettabytes,
	TITLE="What Will We Do When The World's Data Hits 163 Zettabytes In 2025?",
	HOWPUBLISHED="\url{https://www.forbes.com/sites/andrewcave/2017/04/13/what-will-we-do-when-the-worlds-data-hits-163-zettabytes-in-2025/#4ff934f6349a}",
	NOTE="Accessed: 2018-11-11"
}
@article{DataClustering50yearsBeyondKmeans,
	title = "Data clustering: 50 years beyond K-means",
	journal = "Pattern Recognition Letters",
	volume = "31",
	number = "8",
	pages = "651 - 666",
	year = "2010",
	note = "Award winning papers from the 19th International Conference on Pattern Recognition (ICPR)",
	issn = "0167-8655",
	author = "Anil K. Jain"
}
@inbook{AlgorithmsForClusteringData,
	TITLE="Algorithms for clustering data",
	AUTHOR="Anil K. Jain, Richard C. Dubes",
	YEAR="1988",
	PUBLISHER="Prentice-Hall, Inc. Upper Saddle River, NJ, USA",
	ISBN="0-13-022278-X",
	CHAPTER="Clustering Methods and Algorithms",
	PAGES="96-97"	
}
@article{EfficientEnhancedKmeans,
	TITLE="Efficient enhanced k-means clustering algorithm",
	AUTHOR="Fahim, Ahmed and M.Salem, Abdel-Badeeh and A. Torkey, F and Ramadan, Mohamed",
	YEAR="2006",
	JOURNAL="Journal of Zhejiang University",
	VOLUME="7",
	NUMBER="10",
	PAGES="1626-1633"
}
@article{MapReduce,
	TITLE="MapReduce: Simplified Data Processing on Large Clusters",
	AUTHOR="Dean, Jeffrey and Ghemawat, Sanjay",
	YEAR="2004",
	JOURNAL="Communications of the ACM",
	VOLUME="51",
	ISSUE="1",
	PAGES="137-150"
}
@InProceedings{ParallelKmeansClusteringBasedOnMapReduce,
	author="Zhao, Weizhong
	and Ma, Huifang
	and He, Qing",
	editor="Jaatun, Martin Gilje
	and Zhao, Gansen
	and Rong, Chunming",
	title="Parallel K-Means Clustering Based on MapReduce",
	booktitle="Cloud Computing",
	year="2009",
	publisher="Springer Berlin Heidelberg",
	address="Berlin, Heidelberg",
	pages="674--679",
	isbn="978-3-642-10665-1"
}

