@misc{BeerAdvocateData,
  title        = {Beer Advocate Reviews},
  howpublished = {\url{https://data.world/petergensler/beer-advocate-reviews}},
  year         = 2011
}
@misc{BeerTaxonomy,
	title = {Everything You Need To Know About Beer, In One Chart},
	author = {Melissa Stanger and Skye Gould},
	year = {2014},
	howpublished = {\url{https://www.businessinsider.com/different-types-of-beer-2014-12}}
}